<?xml version="1.0" encoding="UTF-8"?><collection xmlns="http://www.loc.gov/MARC21/slim"><record><leader>00506nam--2200169-i-4500</leader><controlfield tag="001">000043948</controlfield><controlfield tag="002">20161230</controlfield><controlfield tag="005">20161230201044</controlfield><controlfield tag="008">060222s1000------------r-----000-0-eng-d</controlfield><datafield ind1=" " ind2=" " tag="040"><subfield code="a">IFIN-HH</subfield></datafield><datafield ind1=" " ind2=" " tag="080"><subfield code="a">539.184.5:539.196.2</subfield></datafield><datafield ind1="1" ind2=" " tag="100"><subfield code="a">Taylor-buzeman,A.J</subfield></datafield><datafield ind1="1" ind2="0" tag="245"><subfield code="a">The excitation and ionisation of hydrogen atoms and hydrogen-like ions by electron impact</subfield><subfield code="c">A.j. taylor-buzeman</subfield></datafield><datafield ind1=" " ind2=" " tag="260"><subfield code="a">Groningen</subfield><subfield code="b">Universiteit</subfield><subfield code="c">1964</subfield></datafield><datafield ind1=" " ind2=" " tag="300"><subfield code="a">83 P</subfield></datafield><datafield ind1=" " ind2=" " tag="852"><subfield code="a">25114</subfield><subfield code="c">539.18</subfield></datafield><datafield ind1=" " ind2=" " tag="CAT"><subfield code="a">Sys</subfield><subfield code="c">20120702</subfield><subfield code="h">110052</subfield></datafield></record></collection>